<?xml version="1.0" encoding="UTF-8"?><collection xmlns="http://www.loc.gov/MARC21/slim"><record><leader>00360nam--2200133-i-4500</leader><controlfield tag="001">000037015</controlfield><controlfield tag="002">20161230</controlfield><controlfield tag="005">20161230201041</controlfield><controlfield tag="008">060222s1000------------r-----000-0-eng-d</controlfield><datafield ind1=" " ind2=" " tag="080"><subfield code="a">621.396.6</subfield></datafield><datafield ind1=" " ind2=" " tag="245"><subfield code="a">Principles of transitors circuits</subfield></datafield><datafield ind1=" " ind2=" " tag="260"><subfield code="a">New York, London, John Willey, Chapman, [1955], Xxx + 535p.Cu Fig</subfield></datafield><datafield ind1=" " ind2=" " tag="700"><subfield code="a">Shea, Richard F</subfield></datafield><datafield ind1=" " ind2=" " tag="852"><subfield code="a">3896</subfield></datafield></record></collection>